% This file was created with JabRef 2.10b2.
% Encoding: ISO8859_1


@InBook{Cox1974,
  Title                    = {Theoretical Statistics},
  Author                   = {Cox, D. R. and Hinkley, D. V.},
  Chapter                  = {7.2(iii)},
  Publisher                = {Chapman \& Hall},
  Year                     = {1974},

  Owner                    = {vseggern},
  Timestamp                = {2013.11.07}
}

@Misc{wiki:confidenceinterval,
  Title                    = {Confidence interval --- Wikipedia{,} The Free Encyclopedia},

  Author                   = {Wikipedia},
  Note                     = {[Online; accessed 7-November-2013]},
  Year                     = {2013},

  Url                      = {\url{http://en.wikipedia.org/w/index.php?title=Confidence_interval&oldid=580547704}}
}

